@inproceedings{DBLP:conf/icml/ZhaiCLZ16,
  author    = {Shuangfei Zhai and
               Yu Cheng and
               Weining Lu and
               Zhongfei Zhang},
  title     = {Deep Structured Energy Based Models for Anomaly Detection},
  booktitle = {Proceedings of the 33nd International Conference on Machine Learning,
               {ICML} 2016, New York City, NY, USA, June 19-24, 2016},
  pages     = {1100--1109},
  year      = {2016},
  crossref  = {DBLP:conf/icml/2016},
  url       = {http://jmlr.org/proceedings/papers/v48/zhai16.html},
  timestamp = {Tue, 12 Jul 2016 21:51:16 +0200},
  biburl    = {http://dblp.uni-trier.de/rec/bib/conf/icml/ZhaiCLZ16},
  bibsource = {dblp computer science bibliography, http://dblp.org}
}

@proceedings{DBLP:conf/icml/2016,
  editor    = {Maria{-}Florina Balcan and
               Kilian Q. Weinberger},
  title     = {Proceedings of the 33nd International Conference on Machine Learning,
               {ICML} 2016, New York City, NY, USA, June 19-24, 2016},
  series    = {{JMLR} Workshop and Conference Proceedings},
  volume    = {48},
  publisher = {JMLR.org},
  year      = {2016},
  url       = {http://jmlr.org/proceedings/papers/v48/},
  timestamp = {Tue, 12 Jul 2016 21:51:16 +0200},
  biburl    = {http://dblp.uni-trier.de/rec/bib/conf/icml/2016},
  bibsource = {dblp computer science bibliography, http://dblp.org}
}